<?xml version="1.0" encoding="UTF-8"?>
<record>
  <leader>01408nam a2200361 c 4500</leader>
  <controlfield tag="003">DE-605</controlfield>
  <controlfield tag="005">20260508084945.0</controlfield>
  <controlfield tag="007">tu</controlfield>
  <controlfield tag="008">251001s2007    xxu|||||      00| | eng c</controlfield>
  <controlfield tag="001">99376117064006441</controlfield>
  <datafield tag="020" ind1=" " ind2=" ">
    <subfield code="a">9780312427641</subfield>
    <subfield code="9">978-0-312-42764-1</subfield>
  </datafield>
  <datafield tag="020" ind1=" " ind2=" ">
    <subfield code="a">0312427646</subfield>
    <subfield code="9">0-312-42764-6</subfield>
  </datafield>
  <datafield tag="024" ind1="3" ind2=" ">
    <subfield code="a">9780312427641</subfield>
  </datafield>
  <datafield tag="035" ind1=" " ind2=" ">
    <subfield code="a">(DE-605)HT031283735</subfield>
  </datafield>
  <datafield tag="040" ind1=" " ind2=" ">
    <subfield code="a">DE-Kob7</subfield>
    <subfield code="b">ger</subfield>
    <subfield code="c">DE-Kob7</subfield>
    <subfield code="d">DE-Kob7</subfield>
    <subfield code="e">rakwb</subfield>
  </datafield>
  <datafield tag="041" ind1=" " ind2=" ">
    <subfield code="a">eng</subfield>
  </datafield>
  <datafield tag="044" ind1=" " ind2=" ">
    <subfield code="c">XD-US</subfield>
  </datafield>
  <datafield tag="084" ind1=" " ind2=" ">
    <subfield code="a">HN 2030</subfield>
    <subfield code="2">rvk</subfield>
  </datafield>
  <datafield tag="100" ind1="1" ind2=" ">
    <subfield code="a">Bennett, Alan</subfield>
    <subfield code="d">1934-</subfield>
    <subfield code="0">(DE-588)119201224</subfield>
    <subfield code="4">aut</subfield>
    <subfield code="0">https://d-nb.info/gnd/119201224</subfield>
    <subfield code="0">http://viaf.org/viaf/110928162</subfield>
    <subfield code="B">GND-119201224</subfield>
  </datafield>
  <datafield tag="245" ind1="1" ind2="0">
    <subfield code="a">&lt;&lt;The&gt;&gt; uncommon reader</subfield>
    <subfield code="c">Alan Bennett</subfield>
  </datafield>
  <datafield tag="250" ind1=" " ind2=" ">
    <subfield code="a">1. publ. in the U. S.</subfield>
  </datafield>
  <datafield tag="264" ind1=" " ind2="1">
    <subfield code="a">New York</subfield>
    <subfield code="b">Picador</subfield>
    <subfield code="c">2007</subfield>
  </datafield>
  <datafield tag="300" ind1=" " ind2=" ">
    <subfield code="a">120 S.</subfield>
  </datafield>
  <datafield tag="336" ind1=" " ind2=" ">
    <subfield code="b">txt</subfield>
  </datafield>
  <datafield tag="337" ind1=" " ind2=" ">
    <subfield code="b">n</subfield>
  </datafield>
  <datafield tag="338" ind1=" " ind2=" ">
    <subfield code="b">nc</subfield>
  </datafield>
  <datafield tag="361" ind1="1" ind2=" ">
    <subfield code="a">Riemenschneider, Dieter</subfield>
    <subfield code="f">Etikett</subfield>
    <subfield code="l">2025</subfield>
    <subfield code="s">MAG 54584</subfield>
    <subfield code="u">https://primo.uni-koblenz.de/discovery/collectionDiscovery?vid=49HBZ_UKO:VU1&amp;collectionId=8159892120008057&amp;lang=de</subfield>
    <subfield code="0">(DE-588)121481158</subfield>
    <subfield code="5">DE-Kob</subfield>
  </datafield>
  <datafield tag="361" ind1="1" ind2=" ">
    <subfield code="a">Kemp, Jan</subfield>
    <subfield code="f">Etikett</subfield>
    <subfield code="l">2025</subfield>
    <subfield code="s">MAG 54584</subfield>
    <subfield code="u">https://primo.uni-koblenz.de/discovery/collectionDiscovery?vid=49HBZ_UKO:VU1&amp;collectionId=8159892120008057&amp;lang=de</subfield>
    <subfield code="0">(DE-588)1025586530</subfield>
    <subfield code="5">DE-Kob 7</subfield>
  </datafield>
  <datafield tag="035" ind1=" " ind2=" ">
    <subfield code="a">(DE-627)1606928562</subfield>
  </datafield>
  <datafield tag="035" ind1=" " ind2=" ">
    <subfield code="a">(DE-576)334917514</subfield>
  </datafield>
  <datafield tag="035" ind1=" " ind2=" ">
    <subfield code="a">(DE-599)BSZ334917514</subfield>
  </datafield>
  <datafield tag="650" ind1=" " ind2="4">
    <subfield code="a">Queens</subfield>
    <subfield code="x">Books and reading</subfield>
    <subfield code="x">Great Britain</subfield>
    <subfield code="x">Fiction</subfield>
  </datafield>
  <datafield tag="500" ind1=" " ind2=" ">
    <subfield code="a">Originally published in slightly different form: London: London Review of books, 2007</subfield>
  </datafield>
  <datafield tag="MBD" ind1=" " ind2=" ">
    <subfield code="M">49HBZ_NETWORK</subfield>
    <subfield code="i">99376117064006441</subfield>
    <subfield code="n">HBZ Network</subfield>
  </datafield>
  <datafield tag="MBD" ind1=" " ind2=" ">
    <subfield code="M">49HBZ_UKO</subfield>
    <subfield code="i">9910196026708057</subfield>
    <subfield code="n">Universität Koblenz</subfield>
  </datafield>
  <datafield tag="MNG" ind1=" " ind2=" ">
    <subfield code="c">System</subfield>
    <subfield code="f">K10PLUS NZ</subfield>
    <subfield code="i">marc21</subfield>
    <subfield code="l">72</subfield>
    <subfield code="k">01</subfield>
    <subfield code="e">false</subfield>
    <subfield code="d">2026-05-22 04:09:45 Europe/Berlin</subfield>
    <subfield code="g">99376117064006441</subfield>
    <subfield code="j">50</subfield>
    <subfield code="a">K5000802######49HBZ_UKO</subfield>
    <subfield code="b">2025-10-01 15:26:45 Europe/Berlin</subfield>
  </datafield>
  <datafield tag="H52" ind1="8" ind2="1">
    <subfield code="b">RL001</subfield>
    <subfield code="c">MAGKO</subfield>
    <subfield code="h">MAG 54584</subfield>
    <subfield code="8">2255640650008057</subfield>
  </datafield>
  <datafield tag="HOL" ind1=" " ind2=" ">
    <subfield code="d">2026-05-08 06:49:35</subfield>
    <subfield code="8">2255640650008057</subfield>
    <subfield code="b">2025-10-01 13:26:56</subfield>
    <subfield code="M">49HBZ_UKO</subfield>
    <subfield code="g">false</subfield>
    <subfield code="a">Acquisition (PO line KOL-6844)</subfield>
    <subfield code="c">K5000273</subfield>
  </datafield>
  <datafield tag="ITM" ind1=" " ind2=" ">
    <subfield code="H">2255640650008057</subfield>
    <subfield code="x">MAGKO</subfield>
    <subfield code="f">BOOK</subfield>
    <subfield code="v">MAGKO</subfield>
    <subfield code="p">12</subfield>
    <subfield code="X">K5000333</subfield>
    <subfield code="U">2025-10-01 08:48:41 Europe/Berlin</subfield>
    <subfield code="Y">2026-05-18 15:26:05 Europe/Berlin</subfield>
    <subfield code="h">false</subfield>
    <subfield code="n">MAG 54584</subfield>
    <subfield code="M">49HBZ_UKO</subfield>
    <subfield code="s">1</subfield>
    <subfield code="d">8</subfield>
    <subfield code="V">Acquisition (PO line KOL-6844)</subfield>
    <subfield code="b">M37 7170</subfield>
    <subfield code="N">Sammlung_Riemenschneider</subfield>
    <subfield code="a">2355640640008057</subfield>
    <subfield code="c">MAG 54584</subfield>
    <subfield code="S">KOL-6844</subfield>
    <subfield code="B">K2025/3117</subfield>
    <subfield code="D">2025-10-01 06:48:41</subfield>
    <subfield code="W">2025-10-01 15:26:56 Europe/Berlin</subfield>
    <subfield code="u">RL001</subfield>
    <subfield code="w">RL001</subfield>
  </datafield>
  <datafield tag="GPN" ind1="1" ind2=" ">
    <subfield code="a">Benett, Alan</subfield>
    <subfield code="d">1934-</subfield>
    <subfield code="9">v:Falsche Namensform</subfield>
    <subfield code="A">GND</subfield>
    <subfield code="B">GND-119201224</subfield>
    <subfield code="C">400</subfield>
  </datafield>
  <datafield tag="GSI" ind1="7" ind2=" ">
    <subfield code="a">119201224</subfield>
    <subfield code="0">http://d-nb.info/gnd/119201224</subfield>
    <subfield code="2">gnd</subfield>
    <subfield code="A">GND</subfield>
    <subfield code="B">GND-119201224</subfield>
    <subfield code="C">024</subfield>
  </datafield>
  <datafield tag="GSI" ind1="7" ind2=" ">
    <subfield code="a">Q654730</subfield>
    <subfield code="9">v:Herkunft: musicb002</subfield>
    <subfield code="2">wikidata</subfield>
    <subfield code="A">GND</subfield>
    <subfield code="B">GND-119201224</subfield>
    <subfield code="C">024</subfield>
  </datafield>
  <datafield tag="GSI" ind1="7" ind2=" ">
    <subfield code="a">0000 0001 2284 1490</subfield>
    <subfield code="9">v:Herkunft: musicb002</subfield>
    <subfield code="2">isni</subfield>
    <subfield code="A">GND</subfield>
    <subfield code="B">GND-119201224</subfield>
    <subfield code="C">024</subfield>
  </datafield>
  <datafield tag="GSI" ind1="7" ind2=" ">
    <subfield code="a">artist/7d144c50-a82b-4958-ba67-661fd35170b6</subfield>
    <subfield code="9">v:Herkunft: musicb002</subfield>
    <subfield code="2">musicb</subfield>
    <subfield code="A">GND</subfield>
    <subfield code="B">GND-119201224</subfield>
    <subfield code="C">024</subfield>
  </datafield>
</record>
